% Encoding: UTF-8

@Misc{miktex,
  title = {{Mik\TeX{}}},
  url   = {https://miktex.org/},
}

@Misc{perl,
  title = {Perl},
  url   = {https://www.perl.org/},
}

@Misc{upgrade,
  author = {{TUG}},
  title  = {{Upgrade from \TeX{} Live 2020 to 2021}},
  url    = {http://www.tug.org/texlive/upgrade.html},
}

@Manual{beamerman,
  title  = {The beamer class: User Guide for version 3.59.},
  author = {Tantau, Till and Wright, Joseph and Mileti\'c, Vedran},
  month  = jul,
  year   = {2020},
  url    = {https://github.com/josephwright/beamer},
}

@Misc{lsp3,
  author = {{Log Creative}},
  title  = {{\LaTeX{} Sparkle Project Chapter 3}},
  url    = {https://logcreative.github.io/LaTeXSparkle/src/art/chapter03.html},
}

@Misc{ab,
  author = {{Log Creative}},
  title  = {AutoBeamer},
  url    = {https://github.com/LogCreative/AutoBeamer},
}

@Misc{pgfedt,
  author = {{Log Creative}},
  title  = {{PGFPlotsEdt}},
  url    = {https://github.com/LogCreative/PGFPlotsEdt/blob/master/res/logo/anim/animrender.ps1},
}

@Comment{jabref-meta: databaseType:bibtex;}
